@article{lary2016machine,
	title={Machine learning in geosciences and remote sensing},
	author={Lary, David J and Alavi, Amir H and Gandomi, Amir H and Walker, Annette L},
	journal={Geoscience Frontiers},
	volume={7},
	number={1},
	pages={3--10},
	year={2016},
	publisher={Elsevier}
}

@article{tuia2016domain,
	title={Domain adaptation for the classification of remote sensing data: An overview of recent advances},
	author={Tuia, Devis and Persello, Claudio and Bruzzone, Lorenzo},
	journal={IEEE geoscience and remote sensing magazine},
	volume={4},
	number={2},
	pages={41--57},
	year={2016},
	publisher={IEEE}
}

@inproceedings{camps2009machine,
	title={Machine learning in remote sensing data processing},
	author={Camps-Valls, Gustavo},
	booktitle={2009 IEEE international workshop on machine learning for signal processing},
	pages={1--6},
	year={2009},
	organization={IEEE}
}

@article{maxwell2018implementation,
	title={Implementation of machine-learning classification in remote sensing: An applied review},
	author={Maxwell, Aaron E and Warner, Timothy A and Fang, Fang},
	journal={International Journal of Remote Sensing},
	volume={39},
	number={9},
	pages={2784--2817},
	year={2018},
	publisher={Taylor \& Francis}
}

@article{mountrakis2011support,
	title={Support vector machines in remote sensing: A review},
	author={Mountrakis, Giorgos and Im, Jungho and Ogole, Caesar},
	journal={ISPRS Journal of Photogrammetry and Remote Sensing},
	volume={66},
	number={3},
	pages={247--259},
	year={2011},
	publisher={Elsevier}
}


@article{鲍江峰2014机器学习方法在遥感图像处理中的应用研究,
	title={机器学习方法在遥感图像处理中的应用研究},
	author={鲍江峰},
	journal={复旦大学},
	pages={1--z},
	year={2014},
	publisher={复旦大学}
}

@article{lary2016machine,
	title={Machine learning in geosciences and remote sensing},
	author={Lary, David J and Alavi, Amir H and Gandomi, Amir H and Walker, Annette L},
	journal={Geoscience Frontiers},
	volume={7},
	number={1},
	pages={3--10},
	year={2016},
	publisher={Elsevier}
}

@article{何清2014大数据下的机器学习算法综述,
	title={大数据下的机器学习算法综述},
	author={何清 and 李宁 and 罗文娟 and 史忠植},
	journal={模式识别与人工智能},
	volume={27},
	number={4},
	pages={327--336},
	year={2014}
}

@article{李志伟2016机器学习发展及几种学习方式,
	title={机器学习发展及几种学习方式},
	author={李志伟},
	journal={产业与科技论坛},
	volume={v.15},
	number={10},
	pages={200-201},
	year={2016},
}

@article{机器学习技术的应用经验及建议探讨,
	title={机器学习技术的应用经验及建议探讨},
	author={吴建华},
	journal = {科技创新与应用},
	year = { 2020},
	volume = {v.7},
	number = {2	},
	pages = {138-139},
}

@article{张润2016机器学习及其算法和发展研究,
	title={机器学习及其算法和发展研究},
	author={张润 and 王永滨},
	journal={中国传媒大学学报：自然科学版},
	volume={v.23;No.98},
	number={02},
	pages={13-21+27},
	year={2016},
}

@book{Ethem2009机器学习导论,
	title={机器学习导论},
	author={Ethem Aipaydin and 范明 and 昝红英},
	publisher={机械工业出版社},
	year={2009},
	address = {北京},
}

@book{Simon2011神经网络与机器学习,
	title={神经网络与机器学习},
	author={Simon Haykin},
	publisher={机械工业出版社},
	address = {北京},
	year={2011},
}


@article{Bottou2013Support,
	title={Support vector machine solvers},
	author={Bottou, Léon and Lin, Chih Jen},
	journal={Large Scale Kernel Machines},
	pages={1-27},
	year={2013},
}

@article{机器学习算法综述,
	title = {机器学习分类问题及算法综述},
	author = {杨剑锋 and 乔佩蕊 and 李永梅 and 王 宁},
	journal = {统计与决策},
	year = {2019},
	number = {2},
}

@article{夏瑜潞2019人工神经网络的发展综述,
	title={人工神经网络的发展综述},
	author={夏瑜潞},
	journal={电脑知识与技术},
	number={20},
	year={2019},
}

@article{朱大奇人工神经网络研究现状及其展望,
	title={人工神经网络研究现状及其展望},
	author={朱大奇},
	journal={江南大学学报},
	number={1期},
	pages={103-110},
}

@book{孙家柄2009遥感原理与应用,
	title={遥感原理与应用},
	author={孙家柄},
	publisher={武汉大学出版社},
	year={2009},
	address = {武汉},
}

@article{李小文2005定量遥感的发展与创新,
	title={定量遥感的发展与创新},
	author={李小文},
	journal={河南大学学报（自然版）},
	number={04},
	pages={53-60},
	year={2005},
}

@article{梁顺林2016陆表定量遥感反演方法的发展新动态,
	title={陆表定量遥感反演方法的发展新动态},
	author={梁顺林 and 程洁 and 贾坤 and 江波 and 刘强 and 刘素红 and 肖志强 and 谢先红 and 姚云军 and 袁文平},
	journal={遥感学报},
	number={5},
	pages={898},
	year={2016},
}

@article{张兵2018遥感大数据时代与智能信息提取,
	title={遥感大数据时代与智能信息提取},
	author={张兵},
	journal={武汉大学学报:信息科学版},
	volume={43},
	number={12},
	pages={108-118},
	year={2018},
}

@article{李石华2005遥感图像分类方法研究综述,
	title={遥感图像分类方法研究综述},
	author={李石华 and 王金亮 and 毕艳 and 陈姚 and 朱妙园 and 杨帅 and 朱佳},
	journal={国土资源遥感},
	volume={000},
	number={2},
	pages={1-6},
	year={2005},
}

@article{Qiangwei2020Aircraft,
	title={Aircraft detection in remote sensing image based on corner clustering and deep learning},
	author={Qiangwei Liu and Xiuqiao Xiang and Yuanfang Wang and Zhongwen Luo and Fang Fang},
	journal={Engineering Applications of Artificial Intelligence},
	volume={87},
	pages={103333},
	year={2020},
}

@phdthesis{徐芳可见光遥感图像海面目标自动检测关键技术研究,
	title={可见光遥感图像海面目标自动检测关键技术研究},
	author={徐芳},
	school={中国科学院大学(中国科学院长春光学精密机械与物理研究所)},
	year = {2018},
	address = {北京},
}

@article{朱建章2016遥感大数据研究现状与发展趋势,
	title={遥感大数据研究现状与发展趋势},
	author={朱建章 and 石强 and 陈凤娥 and 史晓丹 and 董泽民 and 秦前清},
	journal={中国图象图形学报},
	volume={021},
	number={11},
	pages={1425-1439},
	year={2016},
}